@article{anton2023,
  author    = {Ant{\'o}n, Miguel and Ederer, Florian and Gin{\'e}, Mireia and Schmalz, Martin C.},
  title     = {Common Ownership, Competition, and Top Management Incentives},
  journal   = {Journal of Political Economy},
  volume    = {131},
  number    = {5},
  pages     = {1294--1355},
  year      = {2023},
  doi       = {10.1086/722322},
  url       = {https://doi.org/10.1086/722322}
}

@article{bas2023,
  author    = {Bas, Muhammet and Demmou, Lilas and Franco, Giovanni and Garcia-Bernardo, Javier},
  title     = {Institutional Shareholding, Common Ownership, and Productivity: A Cross-Country Analysis},
  year      = {2023},
  note      = {Forthcoming or additional publication details needed}
}

@article{anton2024,
  author    = {Ant{\'o}n, Miguel and Ederer, Florian and Gin{\'e}, Mireia and Schmalz, Martin C.},
  title     = {Innovation: The Bright Side of Common Ownership?},
  journal   = {Management Science},
  year      = {2024},
  note      = {Forthcoming}
}

@article{lopez2019,
  author    = {L{\'o}pez, Angel L. and Vives, Xavier},
  title     = {Overlapping Ownership, R\&D Spillovers, and Antitrust Policy},
  journal   = {Journal of Political Economy},
  volume    = {127},
  number    = {5},
  pages     = {2394--2437},
  year      = {2019},
  doi       = {10.1086/701441}, % Update DOI if incorrect
  url       = {https://doi.org/10.1086/701441}
}

@article{afego2017,
  author    = {Afego, P. N.},
  title     = {Effects of Changes in Stock Index Compositions: A Literature Survey},
  journal   = {International Review of Financial Analysis},
  volume    = {52},
  pages     = {228--239},
  year      = {2017},
  doi       = {10.1016/j.irfa.2017.07.001}, % Update DOI if incorrect
  url       = {https://doi.org/10.1016/j.irfa.2017.07.001}
}

@article{rotemberg1984,
  author    = {Rotemberg, Julio J.},
  title     = {Financial Transaction Costs and Industrial Performance},
  year      = {1984},
  note      = {Further publication details needed, such as journal name, volume, issue, and pages.}
}

@incollection{baltagi2021,
  author    = {Baltagi, Badi H.},
  title     = {Unbalanced Panel Data Models},
  booktitle = {Econometric Analysis of Panel Data},
  pages     = {229--257},
  year      = {2021},
  publisher = {Springer},
  address   = {New York, NY}
}

@article{baker2022,
  author    = {Baker, Andrew C. and Larcker, David F. and Wang, Charles C.},
  title     = {How Much Should We Trust Staggered Difference-in-Differences Estimates?},
  journal   = {Journal of Financial Economics},
  volume    = {144},
  number    = {2},
  pages     = {370--395},
  year      = {2022},
  doi       = {10.1016/j.jfineco.2022.03.014},
  url       = {https://doi.org/10.1016/j.jfineco.2022.03.014}
}




