@book{turner1987,
  author    = {Turner, J. C. and Hogg, M. A. and Oakes, P. J. and Reicher, S. D. and Wetherell, M. S.},
  title     = {Rediscovering the Social Group: A Self-Categorization Theory},
  year      = {1987},
  publisher = {Basil Blackwell},
  address   = {Cambridge}
}
