@book{turner1987,
  author    = {Turner, J. C. and Hogg, M. A. and Oakes, P. J. and Reicher, S. D. and Wetherell, M. S.},
  title     = {Rediscovering the Social Group: A Self-Categorization Theory},
  year      = {1987},
  publisher = {Basil Blackwell},
  address   = {Cambridge}
}

@book{allport1954,
  author    = {Gordon W. Allport},
  title     = {The Nature of Prejudice},
  year      = {1954},
  publisher = {Addison-Wesley},
  address   = {Cambridge, MA},
}

@article{mazziotta2011,
  author    = {Mazziotta, Agnes and Mummendey, Am√©lie and Wright, Stephen C.},
  title     = {Vicarious intergroup contact effects: Applying social-cognitive theory to intergroup contact research},
  journal   = {Group Processes \& Intergroup Relations},
  volume    = {14},
  number    = {2},
  pages     = {255--274},
  year      = {2011},
  doi       = {10.1177/1368430210390533},
  url       = {https://doi.org/10.1177/1368430210390533}
}

@article{wright1997,
  author    = {Wright, Stephen C. and Aron, Arthur and McLaughlin-Volpe, Tracy},
  title     = {The Extended Contact Effect: Knowledge of Cross-Group Friendships and Prejudice},
  journal   = {Journal of Personality and Social Psychology},
  volume    = {73},
  pages     = {73--90},
  year      = {1997},
}

@article{schiappa2005,
  author    = {Schiappa, Edward and Gregg, Peter B. and Hewes, Dean E.},
  title     = {The Parasocial Contact Hypothesis},
  journal   = {Communication Monographs},
  year      = {2005},
  volume    = {72},
  number    = {1},
  pages     = {92--115},
  doi       = {10.1080/0363775052000342544},
}

@article{paluck2009,
  author    = {Paluck, Elizabeth Levy},
  title     = {Reducing intergroup prejudice and conflict using the media: A field experiment in Rwanda},
  journal   = {Journal of Personality and Social Psychology},
  volume    = {96},
  number    = {3},
  pages     = {574--587},
  year      = {2009},
  doi       = {10.1037/a0011989},
  url       = {https://doi.org/10.1037/a0011989}
}

@article{blouin2019,
  author    = {Blouin, Arthur and Mukand, Sharun W.},
  title     = {Erasing Ethnicity? Propaganda, Nation Building, and Identity in Rwanda},
  journal   = {Journal of Political Economy},
  volume    = {127},
  number    = {3},
  pages     = {1008--1062},
  year      = {2019},
  doi       = {10.1086/701441},
  url       = {https://doi.org/10.1086/701441}
}


@article{hewstone2011,
  author    = {Hewstone, Miles and Swart, Hermann},
  title     = {Fifty-odd years of inter-group contact: From hypothesis to integrated theory},
  journal   = {British Journal of Social Psychology},
  volume    = {50},
  number    = {3},
  pages     = {374--386},
  year      = {2011},
  doi       = {10.1111/j.2044-8309.2011.02047.x},
  url       = {https://doi.org/10.1111/j.2044-8309.2011.02047.x}
}

@article{bazzi2019,
  author    = {Bazzi, Samuel and Gaduh, Arya and Rothenberg, Alexander D. and Wong, Maisy},
  title     = {Unity in Diversity? How Intergroup Contact Can Foster Nation Building},
  journal   = {American Economic Review},
  volume    = {109},
  number    = {11},
  pages     = {3978--4025},
  year      = {2019},
  doi       = {10.1257/aer.20180174},
  url       = {https://doi.org/10.1257/aer.20180174}
}

@article{lowe2021,
  author    = {Lowe, Matthew},
  title     = {Types of Contact: A Field Experiment on Collaborative and Adversarial Caste Integration},
  journal   = {American Economic Review},
  volume    = {111},
  number    = {6},
  pages     = {1807--1844},
  year      = {2021},
  doi       = {10.1257/aer.20191780},
  url       = {https://doi.org/10.1257/aer.20191780}
}

